<collection xmlns="http://www.loc.gov/MARC21/slim">
<record>
  <leader>00882nam0a22001811i 450 </leader>
  <controlfield tag="001">IT\ICCU\CNCE\080156</controlfield>
  <controlfield tag="005">20191209000000.0</controlfield>
  <datafield tag="012" ind1=" " ind2=" ">
    <subfield code="a">Dono erli alno toi, (C) 1565 (Q)</subfield>
    <subfield code="2">fei</subfield>
  </datafield>
  <datafield tag="100" ind1=" " ind2=" ">
    <subfield code="a">20191016f1565        0itac0103    ba</subfield>
  </datafield>
  <datafield tag="101" ind1=" " ind2=" ">
    <subfield code="a">ITA</subfield>
  </datafield>
  <datafield tag="102" ind1=" " ind2=" ">
    <subfield code="a">IT</subfield>
  </datafield>
  <datafield tag="200" ind1="1" ind2=" ">
    <subfield code="a">Diuersi auisi di Malta, Sino li 25. agosto. Oue nara el grandissimo preparamento de larmata \!! christiana, con il numero de le gente Italiane, &amp; spagnole, &amp; con la vittoria de larmata \!\ christiana, &amp; rotta espressa de larmata turchescha; con li auisi particulari de la guerra de Vngaria &amp; Transiluania, &amp; le imprese fatte da luna \!! &amp; laltra \!! parte, &amp; la entrata dello ecc. duca di Eerrara\!! in Viena</subfield>
  </datafield>
  <datafield tag="210" ind1=" " ind2=" ">
    <subfield code="d">\1565!</subfield>
    <subfield code="h">Stampata in Modena</subfield>
  </datafield>
  <datafield tag="215" ind1=" " ind2=" ">
    <subfield code="a">\4! c.</subfield>
    <subfield code="c">ill.</subfield>
    <subfield code="d">8ʻ</subfield>
  </datafield>
  <datafield tag="300" ind1=" " ind2=" ">
    <subfield code="a">Data in calce al testo</subfield>
  </datafield>
  <datafield tag="620" ind1=" " ind2=" ">
    <subfield code="a">IT</subfield>
    <subfield code="d">Modena</subfield>
  </datafield>
  <datafield tag="712" ind1="0" ind2="2">
    <subfield code="a">s.n.</subfield>
    <subfield code="3">IT\ICCU\CNCT\000002</subfield>
    <subfield code="4">650</subfield>
  </datafield>
  <datafield tag="801" ind1=" " ind2="3">
    <subfield code="a">IT</subfield>
    <subfield code="b">ICCU</subfield>
    <subfield code="c">20201115</subfield>
  </datafield>
</record>
</collection>
